@article{huynh2009metrics,
  title={Metrics for 3D rotations: Comparison and analysis},
  author={Huynh, Du Q},
  journal={Journal of Mathematical Imaging and Vision},
  volume={35},
  number={2},
  pages={155--164},
  year={2009},
  publisher={Springer}
}

@article{barnes2014matrix,
	title={Matrix differentiation},
	author={Barnes, Randal J},
	journal={Department of Civil Engineering, University of Minnesota},
	year={2014}
}

@article{graf2008quaternions,
	title={Quaternions and dynamics},
	author={Graf, Basile},
	journal={arXiv preprint arXiv:0811.2889},
	year={2008}
}